<?xml version="1.0" encoding="UTF-8"?>
<SOAP-ENV:Envelope xmlns:SOAP-ENV="http://schemas.xmlsoap.org/soap/envelope/" xmlns:mx="http://www.loc.gov/MARC21/slim" xmlns:of="http://oss.dbc.dk/ns/openformat"><SOAP-ENV:Body><of:formatResponse><marc21><mx:record format="MARC21" type="Bibliographic"><mx:leader>00000nam a22000000c 4500</mx:leader><mx:controlfield tag="008">870302s1987    sw ||||       00|||bswe|d</mx:controlfield><mx:datafield ind1=" " ind2=" " tag="020"><mx:subfield code="a">9170243328</mx:subfield></mx:datafield><mx:datafield ind1="1" ind2=" " tag="029"><mx:subfield code="a">DKDLA</mx:subfield><mx:subfield code="b">870970-basis:04944356</mx:subfield></mx:datafield><mx:datafield ind1=" " ind2=" " tag="040"><mx:subfield code="a">DKDLA</mx:subfield><mx:subfield code="b">dan</mx:subfield><mx:subfield code="c">DKDLA</mx:subfield><mx:subfield code="e">kbsdb</mx:subfield></mx:datafield><mx:datafield ind1=" " ind2=" " tag="049"><mx:subfield code="a">DK-190101</mx:subfield></mx:datafield><mx:datafield ind1=" " ind2=" " tag="084"><mx:subfield code="a">99.4 Blixen-Finecke, Bror von</mx:subfield><mx:subfield code="2">z</mx:subfield></mx:datafield><mx:datafield ind1="1" ind2=" " tag="100"><mx:subfield code="a">Aschan, Ulf</mx:subfield></mx:datafield><mx:datafield ind1="1" ind2="0" tag="245"><mx:subfield code="a">Baron Blixen:</mx:subfield><mx:subfield code="b">ett porträtt av baron Bror von Blixen-Finecke</mx:subfield></mx:datafield><mx:datafield ind1=" " ind2=" " tag="260"><mx:subfield code="a">Stockholm :</mx:subfield><mx:subfield code="b">Wiken,</mx:subfield><mx:subfield code="c">1987</mx:subfield></mx:datafield><mx:datafield ind1=" " ind2=" " tag="300"><mx:subfield code="a">237 sider :</mx:subfield><mx:subfield code="b">ill.</mx:subfield></mx:datafield><mx:datafield ind1=" " ind2=" " tag="500"><mx:subfield code="a">Kort på forsatspapiret</mx:subfield></mx:datafield><mx:datafield ind1=" " ind2=" " tag="504"><mx:subfield code="a">Litteratur: side 236</mx:subfield></mx:datafield><mx:datafield ind1=" " ind2=" " tag="653"><mx:subfield code="a">storvildt</mx:subfield></mx:datafield><mx:datafield ind1=" " ind2=" " tag="653"><mx:subfield code="a">Kenya</mx:subfield></mx:datafield><mx:datafield ind1=" " ind2=" " tag="653"><mx:subfield code="a">1910-1919</mx:subfield></mx:datafield><mx:datafield ind1=" " ind2=" " tag="653"><mx:subfield code="a">1920-1929</mx:subfield></mx:datafield><mx:datafield ind1=" " ind2=" " tag="653"><mx:subfield code="a">1930-1939</mx:subfield></mx:datafield><mx:datafield ind1=" " ind2=" " tag="653"><mx:subfield code="a">1940-1949</mx:subfield></mx:datafield><mx:datafield ind1=" " ind2=" " tag="653"><mx:subfield code="a">Blixen-Finecke</mx:subfield></mx:datafield><mx:datafield ind1=" " ind2=" " tag="901"><mx:subfield code="a">929</mx:subfield></mx:datafield></mx:record><hs activity="insert">DKDLA</hs></marc21></of:formatResponse></SOAP-ENV:Body></SOAP-ENV:Envelope>
